<?xml version="1.0" encoding="UTF-8"?><collection xmlns="http://www.loc.gov/MARC21/slim"><record><leader>00358nam--2200133-i-4500</leader><controlfield tag="001">000015094</controlfield><controlfield tag="002">20161230</controlfield><controlfield tag="005">20161230201031</controlfield><controlfield tag="008">060222s1000------------r-----000-0-eng-d</controlfield><datafield ind1=" " ind2=" " tag="245"><subfield code="a">Progress in biophysics and biophysical chemist ry</subfield></datafield><datafield ind1=" " ind2=" " tag="260"><subfield code="a">London, Butterworth-springer Ltd., 1950</subfield></datafield><datafield ind1=" " ind2=" " tag="490"><subfield code="a">Viii + 279 P</subfield></datafield><datafield ind1=" " ind2=" " tag="700"><subfield code="a">Butler, J.A.V./S.A.</subfield></datafield><datafield ind1=" " ind2=" " tag="852"><subfield code="a">577.3</subfield></datafield></record></collection>